@Article{Jeong_2012,
  doi = {10.1007/s13410-012-0069-z},
  url = {https://doi.org/10.1007%2Fs13410-012-0069-z},
  year = {2012},
  month = {may},
  publisher = {Springer Nature},
  volume = {32},
  number = {2},
  pages = {75--81},
  author = {Dong Wook Jeong and Jeong Gyu Lee and Sangyeoup Lee and Yun Jin Kim and Jae Ho Bae and Dong Hee Kim and Yu Hyeon Yi and Young Hye Cho and Uisoo Chae},
  title = {Potential effect of insulin resistance and cardiovascular risk factors on metabolic syndrome in subjects with normal fasting plasma glucose levels},
  journal = {International Journal of Diabetes in Developing Countries},
}

@Article{Chae_2016,
  doi = {10.3349/ymj.2016.57.6.1468},
  url = {https://doi.org/10.3349%2Fymj.2016.57.6.1468},
  year = {2016},
  publisher = {Yonsei University College of Medicine ({KAMJE})},
  volume = {57},
  number = {6},
  pages = {1468},
  author = {Uisoo Chae and Jin Young Min and Sung Hoon Kim and Hyo Jin Ihm and Young Sang Oh and So Yun Park and Hee Dong Chae and Chung-Hoon Kim and Byung Moon Kang},
  title = {Decreased Progesterone Receptor B/A Ratio in Endometrial Cells by Tumor Necrosis Factor-Alpha and Peritoneal Fluid from Patients with Endometriosis},
  journal = {Yonsei Medical Journal},
}

@Article{Arnold_2013,
  doi = {10.1016/j.humpath.2012.08.014},
  url = {https://doi.org/10.1016%2Fj.humpath.2012.08.014},
  year = {2013},
  month = {may},
  publisher = {Elsevier {BV}},
  volume = {44},
  number = {5},
  pages = {881--887},
  author = {Michael A. Arnold and Christina A. Arnold and Guang Li and Uisoo Chae and Rana El-Etriby and Chyi-Chia Richard Lee and Maria Tsokos},
  title = {A unique pattern of {INI}1 immunohistochemistry distinguishes synovial sarcoma from its histologic mimics},
  journal = {Human Pathology},
}


