@article{chae2017,
  title={Prenatal diagnosis of isolated coronary arteriovenous fistula: a first case report in Korea},
  author={Chae, Uisoo and Lee, Mi-Young and Kim, Hyerim and Won, Hye-Sung and Kim, Ki-Soo and Goo, Hyun-woo and Ko, Jae-Kon and Park, Jeong-Jun},
  journal={Obstetrics and Gynecology Science},
  volume={61},
  number={1},
  pages={161--164},
  year={2018}
}

# Obstet Gynecol Sci 2018;61(1):161-164 https://doi.org/10.5468/ogs.2018.61.1.161 pISSN 2287-8572 Â· eISSN 2287-8580

@article{chae2016decreased,
  title={Decreased Progesterone Receptor B/A Ratio in Endometrial Cells by Tumor Necrosis Factor-Alpha and Peritoneal Fluid from Patients with Endometriosis},
  author={Chae, Uisoo and Min, Jin Young and Kim, Sung Hoon and Ihm, Hyo Jin and Oh, Young Sang and Park, So Yun and Chae, Hee Dong and Kim, Chung-Hoon and Kang, Byung Moon},
  journal={Yonsei medical journal},
  volume={57},
  number={6},
  pages={1468--1474},
  year={2016}
}

@article{arnold2013unique,
  title={A unique pattern of INI1 immunohistochemistry distinguishes synovial sarcoma from its histologic mimics},
  author={Arnold, Michael A and Arnold, Christina A and Li, Guang and Chae, Uisoo and El-Etriby, Rana and Lee, Chyi-Chia Richard and Tsokos, Maria},
  journal={Human pathology},
  volume={44},
  number={5},
  pages={881--887},
  year={2013},
  publisher={Elsevier}
}

@article{jeong2012potential,
  title={Potential effect of insulin resistance and cardiovascular risk factors on metabolic syndrome in subjects with normal fasting plasma glucose levels},
  author={Jeong, Dong Wook and Lee, Jeong Gyu and Lee, Sangyeoup and Kim, Yun Jin and Bae, Jae Ho and Kim, Dong Hee and Yi, Yu Hyeon and Cho, Young Hye and Chae, Uisoo},
  journal={International Journal of Diabetes in Developing Countries},
  volume={32},
  number={2},
  pages={75--81},
  year={2012},
  publisher={Springer}
}

